@article{motiwala2012towards,
  title={Towards a cost model for network traffic},
  author={Motiwala, Murtaza and Dhamdhere, Amogh and Feamster, Nick and Lakhina, Anukool},
  journal={ACM SIGCOMM Computer Communication Review},
  volume={42},
  number={1},
  pages={54--60},
  year={2012},
  publisher={ACM}
}

@article{he2010design,
  title={Design for Optimizability: Traffic Management of a Future Internet},
  author={He, Jiayue and Rexford, Jennifer and Chiang, Mung},
  journal={Algorithms for Next Generation Networks},
  pages={1},
  year={2010},
  publisher={Springer}
}
